<record><leader>00000cas a22000007a 4500</leader><controlfield tag="001">20387062</controlfield><controlfield tag="008">890925c19899999mouwr ne      0   a0eng d</controlfield><datafield ind1=" " ind2=" " tag="010"><subfield code="a">sn 89067276 </subfield></datafield><datafield ind1=" " ind2=" " tag="040"><subfield code="a">MQN</subfield><subfield code="b">eng</subfield><subfield code="c">MQN</subfield><subfield code="d">NSD</subfield><subfield code="d">OCLCQ</subfield></datafield><datafield ind1=" " ind2=" " tag="012"><subfield code="m">1</subfield></datafield><datafield ind1="1" ind2=" " tag="022"><subfield code="a">1048-888X</subfield><subfield code="l">1048-888X</subfield><subfield code="2">1</subfield></datafield><datafield ind1=" " ind2=" " tag="032"><subfield code="a">539350</subfield><subfield code="b">USPS</subfield></datafield><datafield ind1=" " ind2=" " tag="037"><subfield code="b">Donze Communications, 112 W. Ste. Maries St., Perryville, MO 63775</subfield></datafield><datafield ind1=" " ind2=" " tag="042"><subfield code="a">msc</subfield><subfield code="a">nsdp</subfield></datafield><datafield ind1="0" ind2=" " tag="130"><subfield code="a">Sun times (Perryville, Mo.)</subfield></datafield><datafield ind1=" " ind2="0" tag="222"><subfield code="a">Sun times</subfield><subfield code="b">(Perryville, Mo.)</subfield></datafield><datafield ind1="1" ind2="0" tag="245"><subfield code="a">Sun times.</subfield></datafield><datafield ind1=" " ind2=" " tag="260"><subfield code="a">Perryville, Mo. :</subfield><subfield code="b">Donze Communications,</subfield><subfield code="c">1989-</subfield></datafield><datafield ind1=" " ind2=" " tag="300"><subfield code="a">v.</subfield></datafield><datafield ind1=" " ind2=" " tag="310"><subfield code="a">Weekly</subfield></datafield><datafield ind1="0" ind2=" " tag="362"><subfield code="a">Vol. 1, no. 1 (Sept. 6, 1989)-</subfield></datafield><datafield ind1=" " ind2=" " tag="500"><subfield code="a">Published simultaneously in Perryville and Ste. Genevieve, Mo.; coverage includes Chester, Ill.</subfield></datafield><datafield ind1=" " ind2=" " tag="588"><subfield code="a">Latest issue consulted: Vol. 8, no. 2 (Jan. 10, 1990).</subfield></datafield><datafield ind1=" " ind2=" " tag="752"><subfield code="a">United States</subfield><subfield code="b">Missouri</subfield><subfield code="c">Perry</subfield><subfield code="d">Perryville.</subfield></datafield><datafield ind1=" " ind2=" " tag="752"><subfield code="a">United States</subfield><subfield code="b">Missouri</subfield><subfield code="c">Sainte Genevieve</subfield><subfield code="d">Sainte Genevieve.</subfield></datafield><datafield ind1=" " ind2=" " tag="752"><subfield code="a">United States</subfield><subfield code="b">Illinois</subfield><subfield code="c">Randolph</subfield><subfield code="d">Chester.</subfield></datafield><datafield ind1="0" ind2="0" tag="780"><subfield code="t">Community press of Perryville</subfield><subfield code="w">(DLC)sn 89066721</subfield></datafield></record>